<record><leader>00000cas a22000007a 4500</leader><controlfield tag="001">12245952</controlfield><controlfield tag="008">850709d187u1879nyudr ne      0    0eng d</controlfield><datafield ind1=" " ind2=" " tag="010"><subfield code="a">sn 85026450 </subfield></datafield><datafield ind1=" " ind2=" " tag="040"><subfield code="a">NPX</subfield><subfield code="b">eng</subfield><subfield code="c">NPX</subfield><subfield code="d">NYS</subfield><subfield code="d">OCLCQ</subfield></datafield><datafield ind1=" " ind2=" " tag="042"><subfield code="a">msc</subfield></datafield><datafield ind1="0" ind2=" " tag="130"><subfield code="a">Daily Democrat (Jamestown, N.Y.)</subfield></datafield><datafield ind1="1" ind2="4" tag="245"><subfield code="a">The daily Democrat.</subfield></datafield><datafield ind1=" " ind2=" " tag="260"><subfield code="a">Jamestown, N.Y. :</subfield><subfield code="b">A.B. Fletcher</subfield></datafield><datafield ind1=" " ind2=" " tag="300"><subfield code="a">v.</subfield></datafield><datafield ind1=" " ind2=" " tag="310"><subfield code="a">Daily</subfield></datafield><datafield ind1="1" ind2=" " tag="362"><subfield code="a">Ceased in 1879.</subfield><subfield code="z">Cf. Bibl. of newspapers in 2 N.Y. State Co.</subfield></datafield><datafield ind1=" " ind2=" " tag="500"><subfield code="a">"Republican," &lt;1876&gt;.</subfield></datafield><datafield ind1=" " ind2=" " tag="580"><subfield code="a">Weekly ed.: Chautauqua Democrat.</subfield></datafield><datafield ind1=" " ind2=" " tag="588"><subfield code="a">Description based on: Vol. 2, no. 288 (July 21, 1874).</subfield></datafield><datafield ind1=" " ind2="4" tag="651"><subfield code="a">Jamestown (N.Y.)</subfield><subfield code="v">Newspapers.</subfield></datafield><datafield ind1=" " ind2=" " tag="752"><subfield code="a">United States</subfield><subfield code="b">New York</subfield><subfield code="c">Chautauqua</subfield><subfield code="d">Jamestown.</subfield></datafield><datafield ind1="1" ind2=" " tag="775"><subfield code="t">Chautauqua Democrat</subfield><subfield code="w">(DLC)sn 83031317</subfield></datafield><datafield ind1="0" ind2="0" tag="780"><subfield code="t">Chautauqua daily Democrat</subfield><subfield code="w">(DLC)sn 83031318</subfield></datafield><datafield ind1="0" ind2="0" tag="785"><subfield code="t">Chautauqua Democrat (Jamestown, N.Y. : Daily)</subfield></datafield><datafield ind1="1" ind2=" " tag="029"><subfield code="a">AU@</subfield><subfield code="b">000024692029</subfield></datafield></record>